@misc{FlowScienceInc2010,
  title        = {Flow 3D},
  author       = {{Flow Science Inc}},
  year         = {2010},
  howpublished = {\url{http://www.flow3d.com/apps/index.html}},
  note         = {Accesed on 2010-10-21}
}

@misc{SINTEF2010,
  title        = {The Centre for Renewable Energy},
  author       = {SINTEF},
  year         = {2010},
  howpublished = {\url{http://www.sintef.no/Home/Environment/fornybar-energi}},
  note         = {Accesed on 2010-10-25}
}

@inbook{Sundsbo1998,
  place     = {Sunriver Oregon},
  title     = {International Snow Science Workshop},
  booktitle = {Calculation of Snowdrift Around Roadside Safety Barriers},
  author    = {Sundsbø, Per-Arne and Bang, Børre},
  year      = {1998},
  pages     = {279–283}
}

@phdthesis{Sundsbo1997,
  title  = {Numerical modelling and simulation of snow drift: application to snow engineering},
  author = {Sundsbø, Per-Arne},
  year   = {1997},
  note   = {ISBN 82-471-0047-9}
}

@inbook{Tabler1990,
  title     = {Drifting snow},
  booktitle = {Cold Regions Hydrology and Hydraulics},
  place     = {New York},
  author    = {D. Tabler, Ronald and Pomeroy, John and Santana, B.W.},
  year      = {1990},
  pages     = {95-145},
  publisher = {American Society of Civil Engineers}
}

@misc{blender,
  title        = {Blender 3.4},
  author       = {Blender},
  year         = {2022},
  howpublished = {\url{https://www.blender.org/}},
  note         = {Accesed on 16.11.2022}
}

@misc{ProjectDescription,
  title        = {{Visualization of downdraft from AW101 SAR Queen helicopter}},
  author       = {Sundsbø, Per-Arne},
  year         = {2022},
  howpublished = {\url{https://uit.instructure.com/courses/27052/files/2085941?module_item_id=699902}},
  note         = {Accesed on 11.12.2022}
}

@misc{AW101,
  title        = {{AW101}},
  author       = {Jarslett, Yngve},
  year         = {2021},
  howpublished = {\url{https://snl.no/AW101/}},
  note         = {Accesed on 18.12.2022}
}

@misc{Python,
  title        = {Python programming language},
  author       = {Python},
  year         = {2022},
  howpublished = {\url{https://www.python.org/}},
  note         = {Accesed on 18.12.2022}
}
@misc{Flow3D,
  title        = {{FLOW-3D}},
  author       = {{FLOW-3D}},
  year         = {2022},
  howpublished = {\url{https://www.flow3d.com/}},
  note         = {Accesed on 18.12.2022}
}

@misc{imageio,
  title        = {imageio documentation},
  author       = {imageio},
  year         = {2022},
  howpublished = {\url{https://imageio.readthedocs.io/en/stable/}},
  note         = {Accesed on 18.12.2022}
}

@misc{numpy,
  title        = {{NumPy website}},
  author       = {NumPy},
  year         = {2022},
  howpublished = {\url{https://numpy.org/}},
  note         = {Accesed on 18.12.2022}
}

@misc{godot,
  title        = {Godot website},
  author       = {Godot},
  year         = {2022},
  howpublished = {\url{https://godotengine.org/en}},
  note         = {Accesed on 18.12.2022}
}

@misc{obs,
  title        = {{OBS Studio}},
  author       = {OBS},
  year         = {2022},
  howpublished = {\url{https://obsproject.com/}},
  note         = {Accesed on 18.12.2022}
}

@misc{godot:timer,
  title        = {{Godot API: Timer}},
  author       = {Godot},
  year         = {2022},
  howpublished = {\url{https://docs.godotengine.org/en/stable/classes/class_timer.html}},
  note         = {Accesed on 18.12.2022}
}

@misc{godot:tween,
  title        = {{Godot API: Tween}},
  author       = {Godot},
  year         = {2022},
  howpublished = {\url{https://docs.godotengine.org/en/stable/classes/class_tween.html}},
  note         = {Accesed on 18.12.2022}
}

@misc{godot:shader,
  title        = {{Godot API: Shading language}},
  author       = {Godot},
  year         = {2022},
  howpublished = {\url{https://docs.godotengine.org/en/stable/tutorials/shaders/shader_reference/shading_language.html}},
  note         = {Accesed on 18.12.2022}
}

@misc{flowsight,
  title        = {{FLOW-3D: POST}},
  author       = {{FLOW-3D}},
  year         = {2022},
  howpublished = {\url{https://www.flow3d.com/products/flow-3d-post/}},
  note         = {Accesed on 18.12.2022}
}

@misc{NRK:SarQueen,
  title        = {{Se den dramatiske landinga til Norges nye redningshelikopter}},
  author       = {Toftaker, Jøte and Kleven, Rita},
  year         = {2020},
  howpublished = {\url{https://www.nrk.no/trondelag/enormt-lufttrykk-fra-nye-redningshelikopter-skaper-trobbel-1.15203020}},
  note         = {Accesed on 19.12.2022}
}
